%% Created using Papers on Fri, 09 Mar 2012.
%% http://mekentosj.com/papers/

@book{Durbin:1998wz,
author = {Durbin, Rirchard and Eddy, Sean and Krogh, Anders and Mitchison, Graeme},
title = {{Biological Sequence Analysis: Probabilistic Models of Proteins and Nucleic Acids}},
publisher = {Cambridge University Press},
year = {1998},
month = may
}

@article{Viterbi:1967hq,
author = {Viterbi, Andrew},
title = {{Error bounds for convolutional codes and an asymptotically optimum decoding algorithm}},
journal = {IEEE Transactions on Information Theory},
year = {1967},
volume = {13},
number = {2},
pages = {260--269},
month = apr
}

@article{McDonnell:2006p498,
author = {McDonnell, Andrew and Menke, Matt and Palmer, Nathan and King, Jonathan and Cowen, Lenore},
title = {{Fold recognition and accurate sequence-structure alignment of sequences directing Î²-sheet proteins}},
journal = {Proteins: Structure, Function, and Bioinformatics},
year = {2006}
}

@article{Menke:2010ti,
author = {Menke, Matthew and Berger, Bonnie and Cowen, Lenore},
title = {{Markov random fields reveal an N-terminal double beta-propeller motif as part of a bacterial hybrid two-component sensor system}},
journal = {Proceedings of the National Academy of Science},
year = {2010}
}

@article{Menke:2008wu,
author = {Menke, Matthew and Berger, Bonnie and Cowen, Lenore},
title = {{Matt: local flexibility aids protein multiple structure alignment}},
journal = {PLoS Computational Biology},
year = {2008}
}

@article{Cowen:2002p588,
author = {Cowen, Lenore and Bradley, Philip and Menke, Matt and King, Jonathan and Berger, Bonnie},
title = {{Predicting the beta-helix fold from protein sequence data}},
journal = {Journal of Computational Biology},
year = {2002}
}

@article{Daniels:2012,
author = {Daniels, Noah and Hosur, Raghavendra and Berger, Bonnie and Cowen, Lenore},
title = {{SMURFLite: combining simplified Markov random fields with simulated evolution improves remote homology detection for beta-structural proteins into the twilight zone}},
journal = {Bioinformatics (to appear)},
year = {2012}
}


@article{Eddy:1998ut,
author = {Eddy, Sean},
title = {{Profile hidden Markov models}},
journal = {Bioinformatics},
year = {1998},
volume = {14},
pages = {755--763}
}

@article{Rost:1999ta,
author = {Rost, Burkhard},
title = {{Twilight zone of protein sequence alignments}},
journal = {Protein Engineering},
year = {1999},
volume = {12},
number = {2},
pages = {85--94}
}

@article{claessen:quickcheck,
  number = {9},
  path = {john-hughes/quick.ps},
  acknowledgement = {Acknowledge Nelson H. F. Beebe},
  author = {Claessen, Koen and Hughes, John},
  journal = {Proceedings of the Fifth {ACM} {SIGPLAN} International Conference on Functional Programming (ICFP'00), {\em in} SIGPLAN Notices},
  year = {2000},
  bibdate = {Tue Nov 7 16:57:22 MST 2000},
  xxxissn = {0362-1340},
  title = {{Quick\-Check}: a Lightweight Tool for Random Testing of {Haskell} Programs},
  month = {September},
  coden = {SINODQ},
  xxxurl = {http://www.acm.org/pubs/citations/proceedings/fp/351240/p268-claessen/; http://www.acm.org/pubs/articles/proceedings/fp/351240/p268-claessen/p268-claessen.pdf},
  pages = {268--279},
  volume = {35},
}


@article{sansom-pj,
  author    = {Sansom, Patrick and
               Peyton Jones, Simon L},
  title     = {Formally Based Profiling for Higher-Order Functional Languages},
  journal   = {ACM TOPLAS},
  volume    = {19},
  number    = {2},
  year      = {1997},
  pages     = {334-385},
  xxxee        = {http://doi.acm.org/10.1145/244795.244802},
  bibsource = {DBLP, http://dblp.uni-trier.de}
}


@article{hughes:why,
  number = {2},
  author = {Robert John Muir Hughes},
  journal = {The Computer Journal},
  title = {Why Functional Programming Matters},
  month = {April},
  keywords = {Higher order functions, numerical algorithms, alpha-beta heuristic.},
  year = {1989},
  pages = {98-107},
  volume = {32},
}

